@article{a:2017:3,
  author = {Gerds, AT and Ahn, KW and \textnormal{Z-H Hu} and Abdel-Azim, H and Akpek, G and Aljurf, M and Ballen, KK and Amer, B and Bacher, U and Cahn, J-Y and Chhabra, S and Cutler, C and Daly, A and DeFilipp, Z and Gale, RP and Gergis, U and Grunwald, MR and Hale, G and Hamilton, BK and Jagasia, M and Kamble, RT and Kindwall-Keller, T and Nishihori, T and Olsson, R and Ramanathan, M and Saad, AA and Solh, M and Ustun, C and Valcarcel, D and Warlick, E and Wirk, B and Kalaycio, M and Alyea, E and Popat, U and Sobecks, R and Saber, W},
  title = {{Outcomes after umbilical cord blood transplantation for myelodysplastic syndromes}},
  journal = {Biology of Blood and Marrow Transplantation},
  year = {2017},
  month = Mar,
  issn = {1083-8791},
  doi = {10.1016/j.bbmt.2017.03.014},
}

@article{a:2017:2,
  author = {Lindsley, RC and Saber, W and Mar, BG and Redd, R and Wang, T and Haagenson, MD and Grauman, PV and \textnormal{Z-H Hu} and Spellman, SR and Lee, SJ and Verneris, MR and Hsu, K and Fleischhauer, K and Cutler, C and Antin, JH and Neuberg, D and Ebert, BL},
  title = {{Prognostic mutations in myelodysplastic syndrome after stem-cell transplantation}},
  journal = {New England Journal of Medicine},
  volume = {376},
  number = {6},
  pages = {536-47},
  year = {2017},
  month = Feb,
  doi = {10.1056/NEJMoa1611604},
}

@article{a:2017:1,
  author = {Liu, HD and Ahn, KW and \textnormal{Z-H Hu} and Hamadani, M and Nishihori, T and Wirk, B and Beitinjaneh, A and Rizzieri, D and Grunwald, MR and Sabloff, M and Olsson, RF and Bajel, A and Bredeson, C and Daly, A and Inamoto, Y and Majhail, N and Saad, A and Gupta, V and Gerds, A and Malone, A and Tallman, M and Reshef, R and Marks, DI and Copelan, E and Gergis, U and Savoie, ML and Ustun, C and Litzow, MR and Cahn, J-Y and Kindwall-Keller, T and Akpek, G and Savani, BN and Aljurf, M and Rowe, JM and Wiernik, PH and Hsu, JW and Cortes, J and Kalaycio, M and Maziarz, R and Sobecks, R and Popat, U and Alyea, E and Saber, W},
  title = {{Allogeneic hematopoietic cell transplant for adult chronic myelomonocytic leukemia}},
  journal = {Biology of Blood and Marrow Transplantation},
  year = {2017},
  month = Jan,
  doi = {10.1016/j.bbmt.2017.01.078},
}

@article{a:2016:6,
  author = {Shaffer, B and Ahn, KW and \textnormal{Z-H Hu} and Nishihori, T and Malone, A and Valcarcel, D and Grunwald, MR and Bacher, U and Hamilton, B and Kharfan-Dabaja, M and Saad, A and Cutler, C and Warlick, ED and Reshef, R and Wirk, B and Sabloff, M and Fasan, O and Gerds, A and Marks, D and Olsson, RF and Wood, WA and Costa, L and Miller, A and Cortes, JE and Daly, A and Kindwall-Keller, TL and Kamble, RT and Rizzieri, DA and Cahn, J-Y and Gale, RP and William, B and Litzow, M and Wiernik, PH and Liesveld, JL and Savani, BN and Vij, R and Ustun, C and Copelan, E and Popat, UR and Kalaycio, M and Maziarz, RT and Alyea, EP and Sobecks, RM and Pavletic, S and Tallman, MS and Saber, W},
  title = {{Scoring system prognostic of outcomes in patients undergoing allogeneic hematopoietic cell transplantation for myelodysplastic syndrome}},
  journal = {Journal of Clinical Oncology},
  volume = {34},
  number = {16},
  pages = {1864-1871},
  year = {2016},
  month = Jun,
  doi = {10.1200/JCO.2015.65.0515}
}

@article{a:2016:5,
  author = {Chaudhury, S and Sparapani, R and \textnormal{Z-H Hu} and Nishihori, T and Abdel-Azim, H and Malone, A and Olsson, R and Hamadani, M and Daly, A and Bacher, U and Wirk, BM and Kamble, RT and Gale, RP and Wood, WA and Hale, G and Wiernik, PH and Hashmi, SK and Mark, D and Ustun, C and Munker, R and Savani, BN and Alyea, E and Popat, U and Sobecks, R and Kalaycio, M and Maziarz, R and Hijiya, N and Saber, W},
  title = {{Outcomes of allogeneic hematopoietic cell transplantation in children and young adults with chronic myeloid leukemia: a CIBMTR cohort analysis}},
  journal = {Biology of Blood and Marrow Transplantation},
  volume = {22},
  number = {6},
  pages = {1056-1064},
  year = {2016},
  month = Jun,
  doi = {10.1016/j.bbmt.2016.02.015}
}

@article{a:2016:4,
  author = {Kumar, R and Kimura, F and Ahn, KW and \textnormal{Z-H Hu} and Kuwatsuka, Y and Klein, JP and Pasquini, M and Miyamura, K and Kato, K and Yoshimi, A and Inamoto, Y and Ichinohe, T and Wood, WA and Wirk, B and Seftel, M and Rowlings, P and Marks, D and Schultz, KR and Gupta, V and Dedeken, L and George, B and Cahn, J-Y and Szer, J and Lee, JW and Leng, AHY and Fasth, A and Hahn, T and Khera, N and Dalal, J and Bonfim, C and Aljurf, M and Atsuta, Y and Saber, W},
  title = {{Comparing outcomes with bone marrow or peripheral blood stem cells as graft source for matched sibling transplants in severe aplastic anemia across different economic regions}},
  journal = {Biology of Blood and Marrow Transplantation},
  volume = {22},
  number = {5},
  pages = {932-940},
  year = {2016},
  month = May,
  doi = {10.1016/j.bbmt.2016.01.012}
}

@article{a:2016:3,
  author = {Kanda, J and Brazauskas, R and \textnormal{Z-H Hu} and Kuwatsuka, Y and Nagafuji, K and Kanamori, H and Kanda, Y and Miyamura, K and Murata, M and Fukuda, T and Sakamaki, H and Kimura, F and Seo, S and Aljurf, M and Yoshimi, A and Milone, G and Wood, WA and Ustun, C and Hashimi, S and Pasquini, M and Bonfim, C and Dalal, J and Hahn, T and Atsuta, Y and Saber, W},
  title = {{Graft-versus-host disease after HLA-matched sibling bone marrow or peripheral blood stem cell transplantation: comparison of North American Caucasian and Japanese populations}},
  journal = {Biology of Blood and Marrow Transplantation},
  volume = {22},
  number = {4},
  pages = {744-751},
  year = {2016},
  month = Apr,
  doi = {10.1016/j.bbmt.2015.12.027}
}

@article{a:2016:2,
  author = {Pasquini, MC and Zhang, M-J and Medeiros, BC and Armand, P and \textnormal{Z-H Hu} and Nishihori, T and Aljurf, MD and Akpek, G and Cahn, J-Y and Cairo, MS and Cerny, J and Copelan, EA and Deol, A and Freytes, CO and Gale, RP and Ganguly, S and George, B and Gupta, V and Hale, GA and Kamble, RT and Klumpp, TR and Lazarus, HM and Luger, SM and Liesveld, JL and Litzow, MR and Marks, DI and Martino, R and Norkin, M and Olsson, RF and Oran, B and Pawarode, A and Pulsipher, MA and Ramanathan, M and Reshef, R and Saad, AA and Saber, W and Savani, BN and Schouten, HC and Ringden, O and Tallman, MS and Uy, GL and Wood, WA and Wirk, B and Perez, WS and Batiwalla, M and Weisdorf, DJ},
  title = {{Hematopoietic cell transplantation outcomes in monosomal karyotype myeloid malignancies}},
  journal = {Biology of Blood and Marrow Transplantation},
  volume = {22},
  number = {2},
  pages = {248-257},
  year = {2016},
  month = Feb,
  doi = {10.1016/j.bbmt.2015.08.024}
}

@article{a:2016:1,
  author = {\textnormal{Z-H Hu} and Connett, JE and Yuan, J-M and Anderson, KE},
  title = {{Role of survivor bias in pancreatic cancer case-control studies}},
  journal = {Annals of Epidemiology},
  volume = {26},
  number = {1},
  pages = {50-56},
  year = {2016},
  month = Jan,
  doi = {10.1016/j.annepidem.2015.11.001}
}

@article{a:2014:3,
  author = {Cutler, C and Logan, B and Nakamura, R and Johnston, L and Choi, S and Porter, D and Hogan, WJ and Pasquini, M and MacMillan, ML and Hsu, JW and Waller, EK and Grupp, S and McCarthy, P and Wu, J and \textnormal{Z-H Hu} and Carter, SL and Horowitz, MM and Antin, JH},
  title = {{Tacrolimus/sirolimus vs. tacrolimus/methotrexate as GVHD prophylaxis after matched, related donor allogeneic HCT}},
  journal = {Blood},
  volume = {124},
  number = {8},
  pages = {1372-1377},
  year = {2014},
  month = Aug,
  doi = {10.1182/blood-2014-04-567164}
}

@article{a:2014:2,
  author = {Wirk, B and Fenske, TS and Hamadani, M and Zhang, M-J and \textnormal{Z-H Hu} and Akpek, G and Aljurf, MD and Armand, P and Ayala, E and Bachanova, V and Bolwell, B and Cairo, MS and Cashen, A and Chen, Y-B and Costa, LJ and Farhan, S and Freytes, CO and Gajewski, JL and Gibson, J and Hale, GA and Holmberg, LA and Hsu, JW and Inwards, DJ and Kamble, RT and Maharaj, D and Maziarz, RT and Munker, R and Nath, R and Reddy, NM and Reeder, CB and Rizzieri, DA and Sauter, CS and Savani, BN and Schouten, HC and Sureda, A and Vose, JM and Waller, EK and Wiernik, PH and Gale, RP and Burns, LJ and Saber, W},
  title = {{Outcomes of hematopoietic cell transplantation for diffuse large B cell lymphoma transformed from follicular lymphoma}},
  journal = {Biology of Blood and Marrow Transplantation},
  volume = {20},
  number = {7},
  pages = {951-959},
  year = {2014},
  month = Jul,
  doi = {10.1016/j.bbmt.2014.03.014}
}

@article{a:2014:1,
  author = {Gupta, V and Malone, AK and Hari, PN and Ahn, KW and \textnormal{Z-H Hu} and Gale, RP and Ballen, KK and Hamadani, M and Olavarria, E and Gerds, A and Waller, EK and Costa, LJ and Antin, JH and Kamble, RT and van Besien, KM and Savani, BN and Schouten, HC and Szer, J and Cahn, J-Y and de Lima, MJ and Wirk, B and Aljurf, MD and Popat, U and Bejanyan, N and Litzow, MR and Norkin, M and Lewis, ID and Hale, GA and Woolfrey, AE and Miller, AM and Ustun, C and Jagasia, MH and Lill, M and Maziarz, RT and Cortes, J and Kalaycio, ME and Saber, W},
  title = {{Reduced-intensity hematopoietic cell transplantation for patients with primary myelofibrosis: a cohort analysis from the CIBMTR}},
  journal = {Biology of Blood and Marrow Transplantation},
  volume = {20},
  number = {1},
  pages = {89-97},
  year = {2014},
  month = Jan,
  doi = {10.1016/j.bbmt.2013.10.018}
}

@inproceedings{p:2016:1,
  author = {Hill, BT and Ahn, KW and \textnormal{Z-H Hu} and Kalaycio, M and Maziarz, R and Cortes, JE and Alyea, E and Popat, U and Sobeck, R and Saber, W},
  title = {{Assessment of human leukocyte antigen type on outcomes of allogeneic transplant for chronic lymphocytic leukemia}},
  booktitle = {58th ASH Annual Meeting and Exposition},
  address = {San Diego, CA},
  year = {2016},
  month = Dec,
  day = {3-6},
  howpublished = {poster},
}

@inproceedings{p:2015:5,
  author = {Shaffer, B and Ahn, KW and \textnormal{Z-H Hu} and Popat, U and Kalaycio, M and Maziarz, R and Alyea, E and Sobecks, R and Pavletic, S and Tallman, M and Saber, W},
  title = {{A prognostic system predictive of outcomes in persons undergoing allogeneic hematopoietic cell transplantation for myelodysplastic syndrome}},
  booktitle = {57th ASH Annual Meeting and Exposition},
  address = {Orlando, FL},
  year = {2015},
  month = Dec,
  day = {5-8},
  howpublished = {oral},
}

@inproceedings{p:2015:4,
  author = {Gerds, A and Kalaycio, M and Ahn, KW and \textnormal{Z-H Hu} and Alyea, E and Popat, U and Sobecks, R and Saber, W},
  title = {{Outcomes after umbilical cord blood transplantation for myelodysplastic syndromes}},
  booktitle = {57th ASH Annual Meeting and Exposition},
  address = {Orlando, FL},
  year = {2015},
  month = Dec,
  day = {5-8},
  howpublished = {poster},
}

@inproceedings{p:2015:3,
  author = {\textnormal{Z-H Hu}},
  title = {{A set of SAS macros for generating survival analysis reports for lifetime data with or without competing risks}},
  booktitle = {2015 SAS Global Forum},
  address = {Dallas, TX},
  year = {2015},
  month = Apr,
  day = {26-29},
  howpublished = {oral},
  url = {https://support.sas.com/resources/papers/proceedings15/2980-2015.pdf},
}

@inproceedings{p:2015:2,
  author = {Duong, HK and Akhtari, M and Ahn, KW and \textnormal{Z-H Hu} and Popat, U and Alyea, E and Maziarz, R and Kalaycio, M and Saber, W},
  title = {{Allogeneic hematopoietic cell transplantation for adult chronic myelomonocytic leukemia}},
  booktitle = {2015 BMT Tandem Meeting},
  address = {San Diego, CA},
  year = {2015},
  month = Feb,
  day = {11-15},
  howpublished = {oral},
}

@inproceedings{p:2015:1,
  author = {Kanda, J and Kuwatsuka, Y and Brazauskas, R and \textnormal{Z-H Hu} and Nagafuji, K and Fukuda, T and Sakamaki, H and Sales-Bonfim, C and Dalal, J and Hahn, T and Pasquini, M and Atsuta, Y and Saber, W},
  title = {{Impact of race on GVHD rates after HLA-matched sibling bone marrow or peripheral blood hematopoietic cell transplantation: comparison of North American Caucasian versus Japanese populations}},
  booktitle = {2015 BMT Tandem Meeting},
  address = {San Diego, CA},
  year = {2015},
  month = Feb,
  day = {11-15},
  howpublished = {oral},
}

@inproceedings{p:2014:1,
  author = {Chaudhury, S and Hijiya, N and \textnormal{Z-H Hu} and Sparapani, R and Kalaycio, M and Alyea, E and Popat, U and Saber, W},
  title = {{Outcomes of allogeneic hematopoietic cell transplantation in children and young adults with chronic myeloid leukemia}},
  booktitle = {56th ASH Annual Meeting and Exposition},
  address = {San Francisco, CA},
  year = {2014},
  month = Dec,
  day = {6-9},
  howpublished = {poster},
}

@inproceedings{p:2013:2,
  author = {Kumar, R and Pasquini, M and Klein, J and Bonfim, C and Aljurf, M and Saber, W and Rowlings, P and Inamoto, Y and Szer, J and Kuwatsuka, Y and \textnormal{Z-H Hu} and Gupta, V and Seftel, M and Atsuta, Y and Kimura, F},
  title = {{Hematopoietic cell transplantation for severe aplastic anemia: impact of graft source and economic regions}},
  booktitle = {18th Congress of the European Hematology Association},
  address = {Stockholm, Sweden},
  year = {2013},
  month = Jun,
  day = {13-16},
  howpublished = {oral},
}

@inproceedings{p:2013:1,
  author = {Wirk, B and Burns, L and Fenske, T and \textnormal{Z-H Hu} and Laport, GG and Montoto, S and Maloney, DG and Saber, W},
  title = {{Clinical outcomes of hematopoietic cell transplantation in patients with diffuse large B cell lymphoma transformed from follicular lymphoma}},
  booktitle = {2013 BMT Tandem Meeting},
  address = {Salt Lake City, UT},
  year = {2013},
  month = Feb,
  day = {11-15},
  howpublished = {oral},
}

@inproceedings{p:2012:2,
  author = {Gupta, V and Ahn, KW and Zhu, X and \textnormal{Z-H Hu} and Hari, P and Maziarz, RT and Cortes, JE and Kalaycio, M and Saber, W},
  title = {{Lille scoring system rather than DIPSS is a better predictive of overall mortality after allogeneic hematopoietic cell transplantation for primary myelofibrosis using reduced intensity conditioning: a report from the CIBMTR}},
  booktitle = {54th ASH Annual Meeting and Exposition},
  address = {Atlanta, GA},
  year = {2012},
  month = Dec,
  day = {8-11},
  howpublished = {oral},
}

@inproceedings{p:2012:1,
  author = {Cutler, C and Logan, B and Nakamura, R and Johnston, L and Choi, S and Porter, D and Hogan, WJ and Pasquini, M and MacMillan, ML and Wingard, J and Waller, EK and Grupp, S and McCarthy, P and Wu, J and \textnormal{Z-H Hu} and Carter, SL and Horowitz, MM and Antin, JH},
  title = {{Tacrolimus/sirolimus vs. tacrolimus/methotrexate for GVHD prophylaxis after HLA-matched, related donor HCT: results of Blood and Marrow Clinical Trials Network trial 0402}},
  booktitle = {54th ASH Annual Meeting and Exposition},
  address = {Atlanta, GA},
  year = {2012},
  month = Dec,
  day = {8-11},
  howpublished = {oral},
}

@inproceedings{p:2011:2,
  author = {\textnormal{Z-H Hu} and Connet, JE and Yuan, J-M and Anderson, KE},
  title = {{The role of selection bias in pancreatic cancer case-control studies}},
  booktitle = {3rd North American Congress of Epidemiology},
  address = {Montreal, Canada},
  year = {2011},
  month = Jun,
  day = {21-24},
  howpublished = {poster},
}

@inproceedings{p:2011:1,
  author = {Hoeft, L and Mays, R and Desai, J and \textnormal{Z-H Hu}},
  title = {{Perception of environmental barriers and impact on success in a community based diabetes prevention program}},
  booktitle = {2011 CDC Division of Diabetes Translation Conference},
  address = {Minneapolis, MN},
  year = {2011},
  month = Apr,
  day = {11-14},
  howpublished = {poster},
}

@inproceedings{p:2010:1,
  author = {Mays, R and Desai, J and Becker, A and Jackson, L and \textnormal{Z-H Hu}},
  title = {{DPP certified lifestyle coach training: lessons learned in Minnesota}},
  booktitle = {2010 CDC Division of Diabetes Translation Conference},
  address = {Kansas City, MO},
  year = {2010},
  month = Apr,
  day = {14-16},
  howpublished = {poster},
}
